@article{DBLP:journals/corr/Graves13,
  author    = {Alex Graves},
  title     = {Generating Sequences With Recurrent Neural Networks},
  journal   = {CoRR},
  volume    = {abs/1308.0850},
  year      = {2013},
  url       = {http://arxiv.org/abs/1308.0850},
  archivePrefix = {arXiv},
  eprint    = {1308.0850},
  timestamp = {Mon, 13 Aug 2018 16:47:21 +0200},
  biburl    = {https://dblp.org/rec/journals/corr/Graves13.bib},
  bibsource = {dblp computer science bibliography, https://dblp.org}
}

@misc{iam,
    author = {University of Bern},
    title = {IAM Online Handwriting Database},
    year = {2019},
    url = {https://fki.tic.heia-fr.ch/databases/iam-on-line-handwriting-database},
    note = {TKI: Research Group on Computer Vision and Artificial Intelligence}
}

@misc{iam-offline,
    author = {U. Marti and H. Bunke},
    title = {An English Sentence Database for Off-line Handwriting Recognition},
    year = {2002},
    url = {https://citeseerx.ist.psu.edu/viewdoc/download?doi=10.1.1.33.5886&rep=rep1&type=pdf},
}

@misc{Paper_Intro2,
    author = {Michael McCloskey,Brenda Rapp},
    title = {Developmental Dysgraphia: An Overview and Framework for Research},
    year = {2017},
    url = {https://www.ncbi.nlm.nih.gov/pmc/articles/PMC6238209/} 
}

@misc{adeboissiere,
    author = {Alban Main de Boissiere},
    title = {Handwriting Prediction and Synthesis based on Alex Graves' paper "Generating Sequences With Recurrent Neural Networks"},
    year = {2019},
    url = {https://github.com/adeboissiere/Handwriting-Prediction-and-Synthesis}
}

@inproceedings{inproceedings,
author = {Macias, Edwar and Boquet, Guillem and Serrano, Javier and Lopez Vicario, Jose and Ibeas, Jose and Morell, Antoni},
year = {2019},
month = {12},
pages = {},
title = {Novel Imputing Method and Deep Learning Techniques for Early Prediction of Sepsis in Intensive Care Units},
doi = {10.22489/CinC.2019.038}
}

@misc{monteiro,
    author = {Rafael Monteiro},
    title = {3D plot of bivariate distribution using R or Matlab},
    year = {2014},
    url = {https://stackoverflow.com/a/22901184}
}

@misc{lstm-intro,
    author = {Jason Brownlee},
    title = {A Gentle Introduction to Long Short-Term Memory Networks by the Experts},
    year = {2020},
    url = {https://machinelearningmastery.com/gentle-introduction-long-short-term-memory-networks-experts/}
}

@misc{Paper-Intro,
    author = {Varda Epstein},
    title = {Dysgraphia: The Learning Disorder That Makes it Hard to Write},
    year = {2019},
    url = {https://parenting.kars4kids.org/dysgraphia-the-learning-disorder-that-makes-it-hard-to-write} 
}

@misc{Previous-work-0,
    author = {Sebastian Stoliński},
    title = {Application of OCR systems to processing and digitization of paper documents},
    year = {2011},
    url = {https://www.researchgate.net/publication/228554430_Application_of_OCR_systems_to_processing_and_digitization_of_paper_documents}
}

@misc{previous-work-1,
    author = {Renzhuo Wan, Shuping Mei, Jun Wang, Min Liu and Fan Yang},
    title = {Multivariate Temporal Convolutional Network: A Deep Neural Networks Approach for Multivariate Time Series Forecasting},
    year = {2019},
    url = {https://doi.org/10.3390/electronics8080876}
}

@misc{previous-work-2,
    author = {Shengyu Zhao IIIS, Zhijian Liu, Ji Lin, Jun-Yan Zhu},
    title = {Differentiable Augmentation for Data-Efficient GAN Training},
    year = {2020},
    url = {https://arxiv.org/pdf/2006.10738}
}

@misc{previous-work-3,
    author = {Martin Heusel, Hubert Ramsauer, Thomas Unterthiner, Bernhard Nessler and Sepp Hochreiter},
    title = {GANs Trained by a Two Time-Scale Update Rule Converge to a Local Nash Equilibrium},
    year = {2018},
    url = {https://arxiv.org/pdf/1706.08500}
}

@misc{previous-work-5,
    author = {Andrew Brock, Jeff Donahue, Karen Simonyan},
    title = {Large Scale GAN Training For High Fidelity Natural Image Synthesis},
    year = {2019},
    url = {https://arxiv.org/pdf/1809.11096},
}


@misc{previous-work-4,
    author = {Phillip Isola Jun-Yan Zhu Tinghui Zhou Alexei A. Efros},
    
    title = {Image-to-Image Translation with Conditional Adversarial Networks},
    year = {2018},
    url = {https://arxiv.org/pdf/1611.070f04}
}

@misc{previous-work-6,
    author = {Yasin Yazıcı, Chuan-Sheng Foo, Stefan Winkler, Kim-Hui Yap, Georgios Piliouras, Vijay Chandrasekhar},
    title = {Unusual Effectiveness Of Averaging In Gan Training},
    year = {2019},
    url = {https://arxiv.org/pdf/1806.04498}
}

@misc{previous-work-7,
    author = {Han Zhang, Zizhao Zhang, Augustus Odena, Honglak Lee},
    title = {Consistency Regularization For Generative Adversarial Networks},
    year = {2020},
    url = {https://arxiv.org/pdf/1910.12027}
}

@misc{previous-work-8,
    author = {Hao-Wen Dong · Yi-Hsuan Yang},
    title = {Towards a Deeper Understanding of Adversarial Losses under a Discriminative Adversarial Network Setting},
    year = {2020},
    url = {https://arxiv.org/pdf/1901.08753}
}

@misc{previous-work-9,
    author = {David Ha, Douglas Eck},
    title = {A Neural Representation of Sketch Drawings},
    year = {2017},
    url = {https://arxiv.org/abs/1704.03477}
}

@misc{previous-work-10,
    author = {Adrian Rosebrock},
    title = {Handwriting recognition with OpenCV, Keras, and TensorFlow},
    year = {2020},
    url = {https://www.pyimagesearch.com/2020/08/24/ocr-handwriting-recognition-with-opencv-keras-and-tensorflow}
}

@misc{previous-work-11,
    author = {Omar Mohammed, Gerard Bailly, Damien Pellier},
    title = {Style Transfer and Extraction for the Handwritten Letters Using Deep Learning},
    year = {2018},
    url = {https://arxiv.org/pdf/1812.07103}
}

@misc{previous-work-12,
    author = {Bo Chang∗ Qiong Zhang∗ Shenyi Pan Lili Meng},
    title = {Generating Handwritten Chinese Characters using CycleGAN},
    year = {2018},
    url = {https://arxiv.org/pdf/1801.08624}
}

@misc{previous-work-13,
    author = {Bharath Narasimhan},
    title = {Calligraphy Style Transfer using Generative Adversarial Networks},
    year = {2019},
    url = {https://people.cs.umass.edu/~bnarasimhan/Cast.pdf}
}

@misc{previous-work-16,
    author = {Piotr Teterwak, Aaron Sarna, Dilip Krishnan, Aaron Maschinot, David Belanger, Ce Liu},
    title = {Generative Adversarial Networks for Image Extension},
    year = {2019},
    url = {https://arxiv.org/pdf/1908.07007}
}

@misc{previous-work-17,
    author = {Dua, D., Graff, C.},
    title = {UCI Machine Learning Repository},
    year = {2021},
    url = {http://archive.ics.uci.edu/ml}
}

@misc{previous-work-18,
    author = {De Campos, T.E., Babu, B.R. and Varma, M.},
    title = {Character Recognition in Natural Images},
    year = {2012},
    url = {http://www.ee.surrey.ac.uk/CVSSP/demos/chars74k}
}

@misc{previous-work-19,
    author = {Cohen, G., Afshar, S., Tapson, J., & van Schaik, A.},
    title = {EMNIST: an extension of MNIST to handwritten letters},
    year = {2017},
    url = {http://arxiv.org/abs/1702.05373}
}

@misc{previous-work-20,
    author = {Y. LeCun, L. Bottou, Y. Bengio, and P. Haffner.},
    title = {Gradient-based learning applied to document recognition},
    year = {1998},
    url = {https://ieeexplore.ieee.org/document/726791}
}

@misc{previous-work-23,
    author = {Edgard Chammas, Chafic Mokel},
    title = {Handwriting Recognition of Historical Documents with few labeled data},
    year = {2019},
    url = {https://arxiv.org/pdf/1811.07768}
}

@misc{previous-work-24,
    author = {Eloi Alonso, Ecole des Ponts and Bastien Moysset},
    title = {Adversarial Generation of Handwritten Text Images Conditioned on Sequences},
    year = {2018},
    url = {https://arxiv.org/pdf/1903.00277}
}

@misc{previous-work-25,
    author = {Biotteau, Maëlle et al.},
    title = {Developmental Coordination Disorder and dysgraphia: Signs and Symptoms, Diagnosis, and Rehabilitation},
    year = {2019},
    url = {https://www.ncbi.nlm.nih.gov/pmc/articles/PMC6626900/}
}

@misc{previous-work-26,
    author = {Y.-L. Chen and C.-T. Hsu.},
    title = {Towards deep style transfer: A content-aware perspective},
    year = {2017},
    url = {https://pdfs.semanticscholar.org/6969/2465952055d6d5702d30f62914c913445fd1.pdf}
}

@misc{previous-work-28,
    author = {Adam Paszke, Sam Gross, Francisco Massa, Adam Lerer, James Bradbury, Gregory Chanan, Trevor Killeen, Zeming Lin, Natalia Gimelshein, Luca Antiga, Alban Desmaison, Andreas Köpf, Edward Yang, Zach DeVito, Martin Raison, Alykhan Tejani, Sasank Chilamkurthy, Benoit Steiner, Lu Fang, Junjie Bai, Soumith Chintala},
    title = {PyTorch: An Imperative Style, High-Performance Deep Learning Library},
    year = {2019},
    url = {https://arxiv.org/abs/1912.01703}
}

@misc{previous-work-29,
    author = {Michael McCloskey and Brenda Rapp},
    title = {Developmental dysgraphia: An Overview and Framework for Research},
    year = {2018},
    url = {https://www.ncbi.nlm.nih.gov/pmc/articles/PMC6238209/}
}

@misc{previous-work-30,
    author = {Ileana Felipe Santos},
    title = {Importance of Legible Handwriting},
    year = {2020},
    url = {https://www.academia.edu/43190736/Importance_of_Legible_Handwriting/}
}

@misc{previous-work-31,
    author = {Akinmosin, Kemi Adejoke},
    title = {The Effect of Poor Handwriting on the Academic Performance of the Gifted Learning-Disabled Students},
    year = {2016},
    url = {https://www.academia.edu/20030419/the_effect_of_poor_handwriting_on_the_academic_performance_of_the_gifted_learning_disabled_students/}
}

@misc{previous-work-32,
    author = {James Roland},
    title = {What Is dysgraphia?},
    year = {2016},
    url = {https://www.healthline.com/health/what-is-dysgraphia}
}

@misc{previous-work-33,
    author = {James Roland},
    title = {What Does dysgraphia Look Like in Adults?},
    year = {2018},
    url = {https://www.additudemag.com/dysgraphia-in-adults-recognizing-symptoms-later-in-life}
}

@misc{previous-work-34,
    author = {Varun Bansal},
    title = {The Evolution of Deep Learning},
    year = {2020},
    url = {https://towardsdatascience.com/the-deep-history-of-deep-learning-3bebeb810fb2}
}

@misc{previous-work-35,
    author = {Justin Johnson, Alexandre Alahi, and Li Fei-Fei},
    title = {Perceptual Losses for Real-Time Style Transfer and Super-Resolution},
    year = {2016},
    url = {https://arxiv.org/abs/1603.08155}
}

@misc{previous-work-36,
    author = {Vincent Dumoulin, Jonathon Shlens, Manjunath Kudlur},
    title = {A Learned Representation for Artistic Style},
    year = {2017},
    url = {https://arxiv.org/abs/1610.07629}
}

@misc{previous-work-38,
    author = {Analytics Vidhya},
    title = {Demystifying LSTM Weights and Bias Dimensions},
    year = {2020},
    url = {https://medium.com/analytics-vidhya/demystifying-lstm-weights-and-biases-dimensions-c47dbd39b30a}
}

@misc{Radiology,
    author = {Garry Choy},
    title = {Current Applications and Future Impact of Machine Learning in Radiology},
    year = {2018},
    url = {https://www.ncbi.nlm.nih.gov/pmc/articles/PMC6542626}
}


@misc{LSTM_Style,
    author = {Omar Mohammed},
    title = {Style Transfer and Extraction for the Handwritten
Letters Using Deep Learning},
    year = {2018},
    url = {https://arxiv.org/pdf/1812.07103.pdf}
}

@misc{Dysgraphia_intro,
    author = {Daniel P. Kelly,Deidre L. Kelly},
    title = {Toward an Understanding of Dysgraphia as a Barrier to STEM-Related
Careers},
    year = {2018},
    url = {https://www.researchgate.net/publication/328415164_Toward_an_understanding_of_dysgraphia_as_a_barrier_to_STEM-related_careers}
}

@misc{Yes_online_offline_graph,
    author = {Anil Chandra Naidu Matcha},
    title = {How to easily do Handwriting Recognition using Deep Learning},
    year = {2021},
    url = {https://nanonets.com/blog/handwritten-character-recognition/}
}

@misc{Dysgraphia_handwriting_graph,
    author = {Gilles Richard and Mathieu Serrurier},
    title = {Dyslexia and Dysgraphia prediction: A new machine learning approach},
    year = {2019},
    url = {https://dystech.com.au/wp-content/uploads/2019/04/dyslexiaDysgraphia.pdf}
}

@misc{Dysgraphia_IoU_evaluation,
    author = {Eric Hofesmann},
    title = {IoU a better detection evaluation metric},
    year = {2020},
    url = {https://towardsdatascience.com/iou-a-better-detection-evaluation-metric-45a511185be1}
}

@misc{Dysgraphia_GAN,
    author = {Ian J. Goodfellow, Jean Pouget-Abadie, Mehdi Mirza, Bing Xu, David Warde-Farley,Sherjil Ozair, Aaron Courville, Yoshua Bengio},
    title = {Generative Adversarial Networks},
    year = {2014},
    url = {https://arxiv.org/pdf/1406.2661.pdf}
}

@misc{Dysgraphia_recognized_date,
    author = {Sara Rosenblum, Patrice L. Weiss, and Shula Parush},
    title = {Handwriting evaluation for developmental dysgraphia:
Process versus product},
    year = {2004},
    url = {https://www.researchgate.net/profile/Sara-Rosenblum-2/publication/238087633_Handwriting_evaluation_for_developmental_dysgraphia_Process_versus_product/links/00463536e7f39e1cf9000000/Handwriting-evaluation-for-developmental-dysgraphia-Process-versus-product.pdf}
}